@article{karlsson2020locally,
  title   = {Locally and globally explainable time-series tweaking},
  author  = {Karlsson, Isak and Rebane, Jonathan and Papapetrou, Panagiotis and {\textbf{Gionis}}, {\textbf{A}}},
  journal = {KAIS},
  year    = {2020}
}

@inproceedings{dalleiger2022efficiently,
  title     = {Efficiently factorizing boolean matrices using proximal gradient descent},
  author    = {Dalleiger, Sebastian and Vreeken, Jilles},
  booktitle = {NeurIPS},
  year      = {2022}
}

@inproceedings{dalleiger2020explainable,
  title     = {Explainable data decompositions},
  author    = {Dalleiger, Sebastian and Vreeken, Jilles},
  booktitle = {AAAI},
  year      = {2020}
}

@article{zhang2023regularized,
  title   = {Regularized impurity reduction: accurate decision trees with complexity guarantees},
  author  = {Zhang, Guangyi and {\textbf{Gionis}}, {\textbf{A}}},
  journal = {DMKD},
  year    = {2023}
}

@article{ciaperoni2023concise,
  title   = {Concise and interpretable multi-label rule sets},
  author  = {Ciaperoni, Martino and Xiao, Han and {\textbf{Gionis}}, {\textbf{A}}},
  journal = {KAIS},
  year    = {2023}
}

@inproceedings{zhang2020diverse,
  title     = {Diverse rule sets},
  author    = {Zhang, Guangyi and {\textbf{Gionis}}, {\textbf{A}}},
  booktitle = {KDD},
  year      = {2020}
}


@article{wang2020survey,
  title   = {A survey of word embeddings based on deep learning},
  author  = {Wang, Shirui and Zhou, Wenan and Jiang, Chao},
  journal = {Computing},
  volume  = {102},
  year    = {2020}
}

@article{gionis2007clustering,
  title   = {Clustering aggregation},
  author  = {{\textbf{Gionis}}, {\textbf{A}} and Mannila, Heikki and Tsaparas, Panayiotis},
  journal = {TKDD},
  year    = {2007}
}

@inproceedings{chawla2013k,
  title     = {$k$-means--\,--: A unified approach to clustering and outlier detection},
  author    = {Chawla, Sanjay and {\textbf{Gionis}}, {\textbf{A}}},
  booktitle = {SDM},
  year      = {2013}
}

@inproceedings{amid2015kernel,
  title     = {A kernel-learning approach to semi-supervised clustering with relative distance comparisons},
  author    = {Amid, Ehsan and {\textbf{Gionis}}, {\textbf{A}} and Ukkonen, Antti},
  booktitle = {ECML PKDD},
  year      = {2015}
}

@inproceedings{thejaswi2021diversity,
  title     = {Diversity-aware $k$-median: {C}lustering with fair center representation},
  author    = {Thejaswi, Suhas and Ordozgoiti, Bruno and {\textbf{Gionis}}, {\textbf{A}}},
  booktitle = {ECML PKDD},
  year      = {2021}
}

@inproceedings{spoerhase2023constant,
  title     = {A Constant-Factor Approximation Algorithm for Reconciliation $k$-Median},
  author    = {Spoerhase, Joachim and Khodamoradi, Kamyar and Riegel, Benedikt and Ordozgoiti, Bruno and {\textbf{Gionis}}, {\textbf{A}}},
  booktitle = {AISTATS},
  year      = {2023}
}


@article{bonchi2013overlapping,
  title   = {Overlapping correlation clustering},
  author  = {Bonchi, Francesco and {\textbf{Gionis}}, {\textbf{A}} and Ukkonen, Antti},
  journal = {KAIS},
  year    = {2013}
}

@inproceedings{gupta2023price,
  title     = {The price of explainability for clustering},
  author    = {Gupta, Anupam and Pittu, Madhusudhan Reddy and Svensson, Ola and Yuan, Rachel},
  booktitle = {FOCS},
  year      = {2023}
}

@inproceedings{moshkovitz2020explainable,
  title     = {Explainable $k$-means and $k$-medians clustering},
  author    = {{Moshkovitz, et al.}, Michal},
  booktitle = {ICML},
  year      = {2020}
}

@article{galbrun2014overlapping,
  title   = {Overlapping community detection in labeled graphs},
  author  = {Galbrun, Esther and {\textbf{Gionis}}, {\textbf{A}} and Tatti, Nikolaj},
  journal = {DMKD},
  year    = {2014}
}

@article{galbrun2016top,
  title   = {Top-$k$ overlapping densest subgraphs},
  author  = {Galbrun, Esther and {\textbf{Gionis}}, {\textbf{A}} and Tatti, Nikolaj},
  journal = {DMKD},
  year    = {2016}
}

@article{loyola2019black,
  title   = {Black-box vs.\ white-box: {U}nderstanding their advantages and weaknesses from a practical point of view},
  author  = {Loyola-Gonzalez, Octavio},
  journal = {IEEE Access},
  year    = {2019}
}

@inproceedings{ribeiro2016model,
  title     = {Model-agnostic interpretability of machine learning},
  author    = {Ribeiro, Marco Tulio and Singh, Sameer and Guestrin, Carlos},
  booktitle = {ICML Workshop on Human Interpretability in Machine Learning},
  year      = {2016}
}

@inproceedings{lundberg2017unified,
  title     = {A Unified Approach to Interpreting Model Predictions},
  author    = {Lundberg, Scott and Lee, Su-In},
  booktitle = {NeurIPS},
  year      = {2017}
}


@inproceedings{davidson2018cluster,
  title     = {The cluster description problem; complexity results and approximations},
  author    = {{Davidson, et al.}, Ian},
  booktitle = {NeurIPS},
  year      = {2018}
}

@inproceedings{sambaturu2020efficient,
  title     = {Efficient algorithms for generating provably near-optimal cluster descriptors for explainability},
  author    = {{Sambaturu, {et al.}}, Prathyush},
  booktitle = {AAAI},
  year      = {2020}
}

@article{hamilton2017representation,
  title   = {Representation learning on graphs: {M}ethods and applications},
  author  = {Hamilton, William L and Ying, Rex and Leskovec, Jure},
  journal = {IEEE Data Engineering Bulletin},
  year    = {2017}
}

@article{mitzenmacher2022algorithms,
  title   = {Algorithms with predictions},
  author  = {Mitzenmacher, Michael and Vassilvitskii, Sergei},
  journal = {Communications of ACM},
  volume  = {65},
  number  = {7},
  year    = {2022}
}

@article{gdfm2011social,
  title   = {Social Content Matching in MapReduce},
  author  = {De Francisci Morales, Gianmarco and {\textbf{Gionis}}, {\textbf{A}} and Sozio, Mauro},
  journal = {VLDB Endowment},
  volume  = {4},
  number  = {7},
  year    = {2011}
}

@inproceedings{chen2013combinatorial,
  title     = {Combinatorial multi-armed bandit: General framework and applications},
  author    = {Chen, Wei and Wang, Yajun and Yuan, Yang},
  booktitle = {ICML},
  year      = {2013}
}

@inproceedings{adriaens2022diameter,
  title     = {Diameter minimization by shortcutting with degree constraints},
  author    = {Adriaens, Florian and {\textbf{Gionis}}, {\textbf{A}}},
  booktitle = {IEEE ICDM},
  year      = {2022}
}

@inproceedings{wang2022improving,
  title     = {Improving screening processes via calibrated subset selection},
  author    = {Wang, Lequn and Joachims, Thorsten and Rodriguez, Manuel Gomez},
  booktitle = {ICML},
  year      = {2022}
}

@book{dignum2019responsible,
  title     = {Responsible artificial intelligence: {H}ow to develop and use {AI} in a responsible way},
  author    = {Dignum, Virginia},
  volume    = {2156},
  year      = {2019},
  publisher = {Springer}
}

@article{bach2013learning,
  title   = {Learning with submodular functions: {A} convex optimization perspective},
  author  = {Bach, Francis and others},
  journal = {FTML},
  volume  = {6},
  number  = {2-3},
  year    = {2013}
}

@article{hassin1997approximation,
  title   = {Approximation algorithms for maximum dispersion},
  author  = {Hassin, Refael and Rubinstein, Shlomi and Tamir, Arie},
  journal = {Oper. Res. Letters},
  volume  = {21},
  number  = {3},
  year    = {1997}
}

@inproceedings{gollapudi2009axiomatic,
  title     = {An axiomatic approach for result diversification},
  author    = {Gollapudi, Sreenivas and Sharma, Aneesh},
  booktitle = {ACM Web Conference},
  year      = {2009}
}

@inproceedings{cevallos2017local,
  title     = {Local search for max-sum diversification},
  author    = {Cevallos, Alfonso and Eisenbrand, Friedrich and Zenklusen, Rico},
  booktitle = {ACM-SIAM SODA},
  pages     = {130--142},
  year      = {2017}
}

@inproceedings{cevallos2016max,
  title     = {Max-Sum Diversity Via Convex Programming},
  author    = {Cevallos, Alfonso and Eisenbrand, Friedrich and Zenklusen, Rico},
  booktitle = {SoCG},
  year      = {2016}
}

@article{cevallos2019improved,
  title   = {An improved analysis of local search for max-sum diversification},
  author  = {Cevallos, Alfonso and Eisenbrand, Friedrich and Zenklusen, Rico},
  journal = {Mathematics of Operations Research},
  volume  = {44},
  number  = {4},
  pages   = {1494--1509},
  year    = {2019}
}

@inproceedings{Castells2022,
  author    = {{Castells, {et al.}}, Pablo},
  title     = {Novelty and Diversity in Recommender Systems},
  booktitle = {Recommender Systems Handbook},
  year      = {2022}
}

@inproceedings{MMR,
  author    = {Carbonell, Jaime and Goldstein, Jade},
  title     = {The Use of {MMR}, Diversity-Based Reranking for Reordering Documents and Producing Summaries},
  year      = {1998},
  booktitle = {ACM SIGIR}
}

@inproceedings{DUM,
  author    = {Ashkan, Azin and Kveton, Branislav and Berkovsky, Shlomo and Wen, Zheng},
  title     = {Optimal Greedy Diversity for Recommendation},
  booktitle = {IJCAI},
  year      = {2015}
}

@inproceedings{DPMF,
  author    = {Sha, Chaofeng and Wu, Xiaowei and Niu, Junyu},
  title     = {A Framework for Recommending Relevant and Diverse Items},
  booktitle = {IJCAI},
  year      = {2016}
}

@article{haddadan2022reducing,
  title   = {Reducing polarization and increasing diverse navigability in graphs by inserting edges and swapping edge weights},
  author  = {Haddadan, Shahrzad and Menghini, Cristina and Riondato, Matteo and Upfal, Eli},
  journal = {DMKD},
  volume  = {36},
  number  = {6},
  year    = {2022}
}

@inproceedings{fabbri2022rewiring,
  title     = {Rewiring what-to-watch-next recommendations to reduce radicalization pathways},
  author    = {Fabbri {et~al.}, Francesco},
  booktitle = {ACM Web Conf.},
  year      = {2022}
}

@article{adriaens2023minimizing,
  title   = {Minimizing Hitting Time between Disparate Groups with Shortcut Edges},
  author  = {Adriaens, Florian and Wang, Honglian and {\textbf{Gionis}}, {\textbf{A}}},
  journal = {SIGKDD},
  year    = {2023}
}

@article{coupette2023reducing,
  title   = {Reducing Exposure to Harmful Content via Graph Rewiring},
  author  = {Coupette, Corinna and Neumann, Stefan and {\textbf{Gionis}}, {\textbf{A}}},
  journal = {SIGKDD},
  year    = {2023}
}

@inproceedings{cinus2023rebalancing,
  title     = {Rebalancing Social Feed to Minimize Polarization and Disagreement},
  author    = {Cinus, Federico and {\textbf{Gionis}}, {\textbf{A}} and Bonchi, Francesco},
  booktitle = {ACM CIKM},
  year      = {2023}
}

@inproceedings{tsioutsiouliklis2022link,
  title     = {Link Recommendations for {PageRank} Fairness},
  author    = {{Tsioutsiouliklis, {et al.}}, Sotiris},
  booktitle = {ACM Web Conference},
  year      = {2022}
}

@inproceedings{wang2021user,
  title     = {User fairness, item fairness, and diversity for rankings in two-sided markets},
  author    = {Wang, Lequn and Joachims, Thorsten},
  booktitle = {ACM SIGIR},
  year      = {2021}
}

@article{do2021two,
  title   = {Two-sided fairness in rankings via {L}orenz dominance},
  author  = {Do, Virginie and Corbett-Davies, Sam and Atif, Jamal and Usunier, Nicolas},
  journal = {NeurIPS},
  year    = {2021}
}

@article{mehrabi2021survey,
  title   = {A survey on bias and fairness in machine learning},
  author  = {Mehrabi {et~al.}, Ninareh},
  journal = {ACM Computing Surveys},
  volume  = {54},
  number  = {6},
  year    = {2021}
}

@article{caton2020fairness,
  title   = {Fairness in machine learning: {A} survey},
  author  = {Caton, Simon and Haas, Christian},
  journal = {ACM Computing Surveys},
  year    = {2020}
}

@inproceedings{chierichetti2017fair,
  title     = {Fair clustering through fairlets},
  author    = {Chierichetti, Flavio and Kumar, Ravi and Lattanzi, Silvio and Vassilvitskii, Sergei},
  booktitle = {NeurIPS},
  year      = {2017}
}

@article{dong2023fairness,
  title     = {Fairness in graph mining: A survey},
  author    = {Dong, Yushun and Ma, Jing and Wang, Song and Chen, Chen and Li, Jundong},
  journal   = {IEEE TKDE},
  year      = {2023},
  publisher = {IEEE}
}

@article{zhang2022ranking,
  title   = {Ranking with submodular functions on a budget},
  author  = {Zhang, Guangyi and Tatti, Nikolaj and {\textbf{Gionis}}, {\textbf{A}}},
  journal = {DMKD},
  year    = {2022}
}

@inproceedings{oettershagen2024finding,
  title     = {Finding Densest Subgraphs with Edge-Color Constraints},
  author    = {Oettershagen, Lutz and Wang, Honglian and {\textbf{Gionis}}, {\textbf{A}}},
  booktitle = {ACM Web Conf.},
  year      = {2024}
}


@article{cormode2011synopses,
  title   = {Synopses for massive data: Samples, histograms, wavelets, sketches},
  author  = {Cormode, Graham and Garofalakis, Minos and Haas, Peter J and Jermaine, Chris and others},
  journal = {Foundations and Trends in Databases},
  volume  = {4},
  number  = {1--3},
  pages   = {1--294},
  year    = {2011}
}

@article{li2010user,
  title   = {User comments for news recommendation in forum-based social media},
  author  = {Li, Qing and Wang, Jia and Chen, Yuanzhu Peter and Lin, Zhangxi},
  journal = {Information Sciences},
  volume  = {180},
  number  = {24},
  pages   = {4929--4939},
  year    = {2010}
}

@inproceedings{guy2010social,
  title     = {Social media recommendation based on people and tags},
  author    = {Guy, Ido and Zwerdling, Naama and Ronen, Inbal and Carmel, David and Uziel, Erel},
  booktitle = {ACM SIGIR},
  pages     = {194--201},
  year      = {2010}
}

@inproceedings{abel2011analyzing,
  title     = {Analyzing user modeling on twitter for personalized news recommendations},
  author    = {Abel, Fabian and Gao, Qi and Houben, Geert-Jan and Tao, Ke},
  booktitle = {International Conference on User Modeling, Adaptation, and Personalization},
  pages     = {1--12},
  year      = {2011}
}

@inproceedings{munson2010presenting,
  title     = {Presenting diverse political opinions: how and how much},
  author    = {Munson, Sean and Resnick, Paul},
  booktitle = {ACM SIGCHI},
  pages     = {1457--1466},
  year      = {2010}
}

@inproceedings{munson2013encouraging,
  title     = {Encouraging Reading of Diverse Political Viewpoints with a Browser Widget},
  author    = {Munson, Sean and Lee, Stephanie and Resnick, Paul},
  booktitle = {Proceedings of the International AAAI Conference on Web and Social Media (ICWSM)},
  year      = {2013}
}


@inproceedings{liao2013beyond,
  title     = {Beyond the filter bubble: interactive effects of perceived threat and topic involvement on selective exposure to information},
  author    = {Liao, Q Vera and Fu, Wai-Tat},
  booktitle = {Proceedings of the SIGCHI Conference on Human Factors in Computing Systems},
  pages     = {2359--2368},
  year      = {2013}
}

@inproceedings{liao2014can,
  title     = {Can you hear me now?: mitigating the echo chamber effect by source position indicators},
  author    = {Liao, Q Vera and Fu, Wai-Tat},
  booktitle = {Proceedings of the ACM Conference on Computer Supported Cooperative Work \& Social Computing (CSCW)},
  pages     = {184--196},
  year      = {2014}
}

@inproceedings{liao2014expert,
  title     = {Expert voices in echo chambers: effects of source expertise indicators on exposure to diverse opinions},
  author    = {Liao, Q Vera and Fu, Wai-Tat},
  booktitle = {Proceedings of the SIGCHI Conference on Human Factors in Computing Systems},
  pages     = {2745--2754},
  year      = {2014}
}

@article{an2014sharing,
  title   = {Sharing political news: the balancing act of intimacy and socialization in selective exposure},
  author  = {An, Jisun and Quercia, Daniele and Cha, Meeyoung and Gummadi, Krishna and Crowcroft, Jon},
  journal = {EPJ Data Science},
  volume  = {3},
  number  = {1},
  pages   = {12},
  year    = {2014}
}

@article{bakshy2015exposure,
  author  = {Bakshy, Eytan and Messing, Solomon and Adamic, Lada},
  title   = {Exposure to ideologically diverse news and opinion on Facebook},
  journal = {Science},
  year    = {2015},
  volume  = {348},
  number  = {6239},
  pages   = {1130--1132}
}

@inproceedings{an2014partisan,
  title     = {Partisan sharing: facebook evidence and societal consequences},
  author    = {An, Jisun and Quercia, Daniele and Crowcroft, Jon},
  booktitle = {Conference on Online Social Networks (COSN)},
  pages     = {13--24},
  year      = {2014}
}

@article{quattrociocchi2016echo,
  title  = {Echo Chambers on Facebook},
  author = {Quattrociocchi, Walter and Scala, Antonio and Sunstein, Cass R},
  year   = {2016}
}

@article{gromping2014echo,
  title   = {``Echo Chambers'' Partisan Facebook Groups during the 2014 {T}hai Election},
  author  = {Gr{\"o}mping, Max},
  journal = {Asia Pacific Media Educator},
  volume  = {24},
  number  = {1},
  pages   = {39--59},
  year    = {2014}
}

@article{edwards2013participants,
  title   = {(How) do participants in online discussion forums create ``echo chambers''?: The inclusion and exclusion of dissenting voices in an online forum about climate change},
  author  = {Edwards, Arthur},
  journal = {Journal of Argumentation in Context},
  volume  = {2},
  number  = {1},
  pages   = {127--150},
  year    = {2013}
}

@inproceedings{gilbert2009blogs,
  title     = {Blogs are echo chambers: Blogs are echo chambers},
  author    = {Gilbert, Eric and Bergstrom, Tony and Karahalios, Karrie},
  booktitle = {International Conference on System Sciences},
  pages     = {1--10},
  year      = {2009}
}

@inproceedings{wallsten2005political,
  title     = {Political blogs and the bloggers who blog them: Is the political blogosphere and echo chamber},
  author    = {Wallsten, Kevin},
  booktitle = {American Political Science Association's Annual Meeting},
  pages     = {1--4},
  year      = {2005}
}

@inproceedings{tang2015influence,
  title     = {Influence maximization in near-linear time: A martingale approach},
  author    = {Tang, Youze and Shi, Yanchen and Xiao, Xiaokui},
  booktitle = {Proceedings of the ACM SIGMOD International Conference on Management of Data},
  pages     = {1539--1554},
  year      = {2015}
}

@article{mejova2014controversy,
  title   = {Controversy and Sentiment in Online News},
  author  = {Mejova, Yelena and Zhang, Amy X and Diakopoulos, Nicholas and Castillo, Carlos},
  journal = {Symposium on Computation + Journalism},
  year    = {2014}
}

@incollection{choi2010identifying,
  title     = {Identifying controversial issues and their sub-topics in news articles},
  author    = {Choi, Yoonjung and Jung, Yuchul and Myaeng, Sung-Hyon},
  booktitle = {Intelligence and Security Informatics},
  pages     = {140--153},
  year      = {2010}
}

@article{morales2015measuring,
  title   = {{Measuring political polarization: Twitter shows the two sides of Venezuela}},
  author  = {Morales, AJ and Borondo, J and Losada, JC and Benito, RM},
  journal = {Chaos},
  volume  = {25},
  number  = {3},
  year    = {2015}
}

@inproceedings{akoglu2014quantifying,
  title     = {Quantifying Political Polarity Based on Bipartite Opinion Networks},
  author    = {Akoglu, Leman},
  booktitle = {Proceedings of the International AAAI Conference on Web and Social Media (ICWSM)},
  year      = {2014}
}

@inproceedings{guerra2013measure,
  title     = {A Measure of Polarization on Social Media Networks Based on Community Boundaries},
  author    = {Guerra, Pedro Henrique Calais and Meira Jr, Wagner and Cardie, Claire and Kleinberg, Robert},
  booktitle = {Proceedings of the International AAAI Conference on Web and Social Media (ICWSM)},
  year      = {2013}
}


@inproceedings{conover2011political,
  title     = {Political Polarization on Twitter},
  author    = {Conover, Michael and Ratkiewicz, Jacob and Francisco, Matthew and Gon{\c{c}}alves, Bruno and Menczer, Filippo and Flammini, Alessandro},
  booktitle = {Proceedings of the International AAAI Conference on Web and Social Media (ICWSM)},
  year      = {2011}
}

@article{newman2006modularity,
  title   = {Modularity and community structure in networks},
  author  = {Newman, Mark EJ},
  journal = {Proceedings of the national academy of sciences},
  volume  = {103},
  number  = {23},
  pages   = {8577--8582},
  year    = {2006}
}

@inproceedings{adamic2005political,
  title     = {The political blogosphere and the 2004 US election: divided they blog},
  author    = {Adamic, Lada and Glance, Natalie},
  booktitle = {Workshop on Link Discovery: Issues, Approaches and Applications (LinkKDD)},
  pages     = {36--43},
  year      = {2005}
}

@book{festinger1962theory,
  title     = {A theory of cognitive dissonance},
  author    = {Festinger, Leon},
  volume    = {2},
  year      = {1962},
  publisher = {Stanford university press}
}

@article{bramson2016disambiguation,
  title   = {Disambiguation of social polarization concepts and measures},
  author  = {Bramson, Aaron and Grim, Patrick and Singer, Daniel J and Fisher, Steven and Berger, William and Sack, Graham and Flocken, Carissa},
  journal = {The Journal of Mathematical Sociology},
  volume  = {40},
  number  = {2},
  pages   = {80--111},
  year    = {2016}
}


@article{esteban1994measurement,
  title   = {On the measurement of polarization},
  author  = {Esteban, Joan-Maria and Ray, Debraj},
  journal = {Econometrica: Journal of the Econometric Society},
  pages   = {819--851},
  year    = {1994}
}


@article{bozdag2013bias,
  title   = {Bias in algorithmic filtering and personalization},
  author  = {Bozdag, Engin},
  journal = {Ethics and information technology},
  volume  = {15},
  number  = {3},
  pages   = {209--227},
  year    = {2013}
}

@article{lord1979biased,
  title     = {Biased assimilation and attitude polarization: The effects of prior theories on subsequently considered evidence.},
  author    = {Lord, Charles G and Ross, Lee and Lepper, Mark R},
  journal   = {Journal of personality and social psychology},
  volume    = {37},
  number    = {11},
  pages     = {2098},
  year      = {1979},
  publisher = {American Psychological Association}
}

@article{frey1986recent,
  title     = {Recent research on selective exposure to information},
  author    = {Frey, Dieter},
  journal   = {Advances in experimental social psychology},
  volume    = {19},
  pages     = {41--80},
  year      = {1986},
  publisher = {Elsevier}
}

@incollection{fischer2008theory,
  title     = {The theory of cognitive dissonance: State of the science and directions for future research},
  author    = {Fischer, Peter and Frey, Dieter and Peus, Claudia and Kastenm{\"u}ller, Andreas},
  booktitle = {Clashes of Knowledge},
  pages     = {189--198},
  year      = {2008},
  publisher = {Springer}
}

@article{angel2012dense,
  title     = {Dense subgraph maintenance under streaming edge weight updates for real-time story identification},
  author    = {Angel, Albert and Sarkas, Nikos and Koudas, Nick and Srivastava, Divesh},
  journal   = {Proceedings of the VLDB Endowment},
  volume    = {5},
  number    = {6},
  pages     = {574--585},
  year      = {2012},
  publisher = {VLDB Endowment}
}


@article{barbera2015tweeting,
  title   = {Tweeting from left to right: Is online political communication more than an echo chamber?},
  author  = {Barber{\'a}, Pablo and Jost, John and Nagler, Jonathan and Tucker, Joshua and Bonneau, Richard},
  journal = {Psychological science},
  volume  = {26},
  number  = {10},
  pages   = {1531--1542},
  year    = {2015}
}

@article{barbera2015birds,
  title     = {Birds of the same feather tweet together: Bayesian ideal point estimation using Twitter data},
  author    = {Barber{\'a}, Pablo},
  journal   = {Political Analysis},
  volume    = {23},
  number    = {1},
  pages     = {76--91},
  year      = {2015},
  publisher = {Cambridge University Press}
}


@inproceedings{shahaf2012trains,
  title     = {Trains of thought: Generating information maps},
  author    = {Shahaf, Dafna and Guestrin, Carlos and Horvitz, Eric},
  booktitle = {Proceedings of the 21st International Conference on World Wide Web (WWW)},
  pages     = {899--908},
  year      = {2012}
}

@article{shahaf2015information,
  title   = {Information cartography},
  author  = {Shahaf, Dafna and Guestrin, Carlos and Horvitz, Eric and Leskovec, Jure},
  journal = {Communications of the ACM},
  volume  = {58},
  number  = {11},
  pages   = {62--73},
  year    = {2015}
}

@inproceedings{rozenshtein2016reconstructing,
  title     = {Reconstructing an epidemic over time},
  author    = {Rozenshtein, Polina and {\bf {\textbf{Gionis}}}, {\bf A} and Prakash, Aditya and Vreeken, Jilles},
  booktitle = {Proceedings of the 22nd ACM SIGKDD International Conference on Knowledge Discovery and Data Mining},
  pages     = {1835--1844},
  year      = {2016}
}

@article{rozenshtein2017finding,
  title   = {Finding dynamic dense subgraphs},
  author  = {Rozenshtein, Polina and Tatti, Nikolaj and {\bf {\textbf{Gionis}}}, {\bf A}},
  journal = {ACM Transactions on Knowledge Discovery from Data (TKDD)},
  volume  = {11},
  number  = {3},
  pages   = {27},
  year    = {2017}
}


@inproceedings{rozenshtein2016temporal,
  title     = {Temporal pagerank},
  author    = {Rozenshtein, Polina and {\bf {\textbf{Gionis}}}, {\bf A}},
  booktitle = {Joint European Conference on Machine Learning and Knowledge Discovery in Databases},
  pages     = {674--689},
  year      = {2016}
}

@inproceedings{rozenshtein2017untangling,
  title     = {The network-untangling problem: From interactions to activity timelines},
  author    = {Rozenshtein, Polina and Tatti, Nikolaj and {\bf {\textbf{Gionis}}}, {\bf A}},
  booktitle = {Joint European Conference on Machine Learning and Knowledge Discovery in Databases (ECML PKDD)},
  pages     = {701--716},
  year      = {2017}
}

@article{dimock2014political,
  title   = {Political Polarization in the American Public. Pew Research Center},
  author  = {Dimock, Michael and Kiley, Jocelyn and Keeter, Scott and Doherty, Carroll},
  journal = {Pew Research},
  year    = {2014}
}

@book{pariser2011filter,
  title     = {The filter bubble: What the Internet is hiding from you},
  author    = {Pariser, Eli},
  year      = {2011},
  publisher = {Penguin UK}
}

@book{prior2007post,
  title     = {Post-broadcast democracy: How media choice increases inequality in political involvement and polarizes elections},
  author    = {Prior, Markus},
  year      = {2007},
  publisher = {Cambridge University Press}
}

@inproceedings{borgs2014maximizing,
  title     = {Maximizing social influence in nearly optimal time},
  author    = {Borgs, Christian and Brautbar, Michael and Chayes, Jennifer and Lucier, Brendan},
  booktitle = {Proceedings of the twenty-fifth annual ACM-SIAM symposium on Discrete algorithms},
  pages     = {946--957},
  year      = {2014}
}

@article{diversity-cascade,
  title     = {Maximizing the diversity of exposure in a social network},
  author    = {Aslay, Cigdem and Galbrun, Esther and {\bf {\textbf{Gionis}}}, {\bf A} and Matakos, Antonis},
  booktitle = {Proceedings of the IEEE International Conference on Data Mining (ICDM)},
  year      = {2018}
}

@article{diversity-static,
  title     = {Tell me something my friends do not know: Diversity maximization in social networks},
  author    = {Matakos, Antonis and {\bf {\textbf{Gionis}}}, {\bf A}},
  booktitle = {Proceedings of the IEEE International Conference on Data Mining (ICDM)},
  year      = {2018}
}

@inproceedings{das2013learning,
  title     = {Learning to question: leveraging user preferences for shopping advice},
  author    = {Das, Mahashweta and De Francisci Morales, Gianmarco and {\bf {\textbf{Gionis}}}, {\bf A} and Weber, Ingmar},
  booktitle = {Proceedings of the ACM SIGKDD International Conference on Knowledge discovery and data mining},
  pages     = {203--211},
  year      = {2013}
}

@article{garimella2018quantifying,
  title     = {Quantifying controversy on social media},
  author    = {Garimella, Kiran and Morales, Gianmarco De Francisci and {\bf {\textbf{Gionis}}}, {\bf A} and Mathioudakis, Michael},
  journal   = {ACM Transactions on Social Computing},
  volume    = {1},
  number    = {1},
  pages     = {3},
  year      = {2018},
  publisher = {ACM}
}

@inproceedings{garimella2017reducing,
  title     = {Reducing controversy by connecting opposing views},
  author    = {Garimella, Kiran and De Francisci Morales, Gianmarco and {\bf {\textbf{Gionis}}}, {\bf A} and Mathioudakis, Michael},
  booktitle = {ACM International Conference on Web Search and Data Mining (WSDM)},
  pages     = {81--90},
  year      = {2017}
}

@inproceedings{garimella2018political,
  title     = {Political discourse on social media: Echo chambers, gatekeepers, and the Price of bipartisanship},
  author    = {Garimella, Kiran and Morales, Gianmarco De Francisci and {\bf {\textbf{Gionis}}}, {\bf A} and Mathioudakis, Michael},
  booktitle = {Proceedings of the WebConference (WWW)},
  year      = {2018}
}

@inproceedings{lahoti2018joint,
  title     = {Joint non-negative matrix factorization for learning ideological leaning on Twitter},
  author    = {Lahoti, Preethi and Garimella, Kiran and {\bf {\textbf{Gionis}}}, {\bf A}},
  booktitle = {Proceedings of the ACM International Conference on Web Search and Data Mining (WSDM)},
  pages     = {351--359},
  year      = {2018}
}

@inproceedings{garimella2017balancing,
  title     = {Balancing information exposure in social networks},
  author    = {Garimella, Kiran and {\bf {\textbf{Gionis}}}, {\bf A} and Parotsidis, Nikos and Tatti, Nikolaj},
  booktitle = {NeurIPS},
  year      = {2017}
}

@article{consensus-k-median,
  title   = {Consensus $k$-median},
  author  = {Ordozgoiti, Bruno and {\bf {\textbf{Gionis}}}, {\bf A}},
  journal = {Submitted for publication},
  year    = {2018}
}

@article{tang2016survey,
  title   = {A survey of signed network mining in social media},
  author  = {Tang, Jiliang and Chang, Yi and Aggarwal, Charu and Liu, Huan},
  journal = {ACM Computing Surveys (CSUR)},
  volume  = {49},
  number  = {3},
  pages   = {42},
  year    = {2016}
}

@article{bansal2004correlation,
  title   = {Correlation clustering},
  author  = {Bansal, Nikhil and Blum, Avrim and Chawla, Shuchi},
  journal = {Machine learning},
  volume  = {56},
  number  = {1-3},
  pages   = {89--113},
  year    = {2004}
}

@inproceedings{tatti2015density,
  title     = {Density-friendly graph decomposition},
  author    = {Tatti, Nikolaj and {\bf {\textbf{Gionis}}}, {\bf A}},
  booktitle = {24th International Conference on World Wide Web (WWW)},
  pages     = {1089--1099},
  year      = {2015}
}


@inproceedings{borodin2012max,
  title     = {Max-sum diversification, monotone submodular functions and dynamic updates},
  author    = {{Borodin, {et al.}}, Allan},
  booktitle = {PODS},
  year      = {2012}
}

@article{goldberg1984finding,
  author  = {Goldberg, Andrew V},
  title   = {{Finding a maximum density subgraph}},
  journal = {UCB technical report},
  year    = {1984}
}

@inproceedings{charikar2000greedy,
  title     = {Greedy approximation algorithms for finding dense components in a graph},
  author    = {Charikar, Moses},
  booktitle = {APPROX},
  pages     = {84--95},
  year      = {2000}
}

@inproceedings{rozenshtein2014event,
  title     = {Event detection in activity networks},
  author    = {Rozenshtein, Polina and Anagnostopoulos, Aris and {\bf {\textbf{Gionis}}}, {\bf A} and Tatti, Nikolaj},
  booktitle = {Proceedings of the ACM SIGKDD International Conference on Knowledge Discovery and Data Mining},
  pages     = {1176--1185},
  year      = {2014}
}

@inproceedings{tsourakakis2013denser,
  title     = {Denser than the densest subgraph: Extracting optimal quasi-cliques with quality guarantees},
  author    = {Tsourakakis, Charalampos and Bonchi, Francesco and {\bf {\textbf{Gionis}}}, {\bf A} and Gullo, Francesco and Tsiarli, Maria},
  booktitle = {Proceedings of the ACM SIGKDD International Conference on Knowledge Discovery and Data Mining},
  pages     = {104--112},
  year      = {2013}
}

@article{cormode2005improved,
  title   = {An improved data stream summary: the count-min sketch and its applications},
  author  = {Cormode, Graham and Muthukrishnan, S},
  journal = {Journal of Algorithms},
  volume  = {55},
  number  = {1},
  pages   = {58--75},
  year    = {2005}
}

@inproceedings{manku2002approximate,
  author    = {Manku, Gurmeet Singh and Motwani, Rajeev},
  title     = {Approximate Frequency Counts over Data Streams},
  booktitle = {VLDB},
  year      = {2002},
  pages     = {346--357}
} 

@article{coletto2017motif,
  title     = {A motif-based approach for identifying controversy},
  author    = {Coletto, Mauro and Garimella, Kiran and {\bf {\textbf{Gionis}}}, {\bf A} and Lucchese, Claudio},
  booktitle = {Proceedings of the International AAAI Conference on Web and Social Media (ICWSM)},
  year      = {2017}
}

@inproceedings{aslay2018mining,
  author    = {Aslay, Cigdem and Nasir, Anis and De Francisci Morales, Gianmarco and {\bf {\textbf{Gionis}}}, {\bf A}},
  title     = {Mining frequent patterns in evolving graphs},
  booktitle = {Proceedings of the 27th ACM International Conference on Information and Knowledge Management (CIKM)},
  year      = {2018}
} 

@inproceedings{arockiasamy2016combinatorial,
  title     = {A combinatorial approach to role discovery},
  author    = {Arockiasamy, Albert and {\bf {\textbf{Gionis}}}, {\bf A} and Tatti, Nikolaj},
  booktitle = {Proceedings of the IEEE 16th International Conference on Data Mining (ICDM)},
  pages     = {787--792},
  year      = {2016}
}


@inproceedings{potamias2009fast,
  author    = {Potamias, Michalis and Bonchi, Francesco and Castillo, Carlos and {\bf {\textbf{Gionis}}}, {\bf A}},
  title     = {Fast Shortest Path Distance Estimation in Large Networks},
  booktitle = {CIKM},
  year      = {2009},
  pages     = {867--876}
} 


@incollection{rozenshtein2014discovering,
  title     = {Discovering dynamic communities in interaction networks},
  author    = {Rozenshtein, Polina and Tatti, Nikolaj and {\bf {\textbf{Gionis}}}, {\bf A}},
  booktitle = {Joint European Conference on Machine Learning and Knowledge Discovery in Databases (ECML PKDD)},
  pages     = {678--693},
  year      = {2014},
  publisher = {Springer}
}

@inproceedings{barbieri2013cascade,
  title        = {Cascade-based community detection},
  author       = {Barbieri, Nicola and Bonchi, Francesco and Manco, Giuseppe},
  booktitle    = {Proceedings of the sixth ACM International Conference on Web Search and Data Mining (WSDM)},
  pages        = {33--42},
  year         = {2013},
  organization = {ACM}
}

@article{holme2012temporal,
  title   = {Temporal networks},
  author  = {Holme, Petter and Saram{\"a}ki, Jari},
  journal = {Physics reports},
  volume  = {519},
  number  = {3},
  pages   = {97--125},
  year    = {2012}
}

@inproceedings{Cohen2014ads,
  author    = {Cohen, Edith},
  booktitle = {PODS},
  pages     = {88--99},
  title     = {{All-distances sketches, revisited: HIP estimators for massive graphs analysis}},
  year      = {2014}
}

@inproceedings{palmer2002anf,
  title     = {{ANF}: A fast and scalable tool for data mining in massive graphs},
  author    = {Palmer, Christopher R and Gibbons, Phillip B and Faloutsos, Christos},
  booktitle = {Proceedings of the ACM SIGKDD International Conference on Knowledge Discovery and Data Mining},
  pages     = {81--90},
  year      = {2002}
}

@inproceedings{boldi2011hyperanf,
  title     = {HyperANF: Approximating the neighbourhood function of very large graphs on a budget},
  author    = {Boldi, Paolo and Rosa, Marco and Vigna, Sebastiano},
  booktitle = {WWW},
  pages     = {625--634},
  year      = {2011}
}

@inproceedings{durand2003loglog,
  author    = {Durand, Marianne and Flajolet, Philippe},
  booktitle = {ESA},
  title     = {Loglog counting of large cardinalities},
  year      = {2003}
}

@article{cohen1997size,
  author  = {Cohen, Edith},
  journal = {Journal of Computer and System Sciences},
  number  = {3},
  pages   = {441--453},
  title   = {Size-estimation framework with applications to transitive closure and reachability},
  volume  = {55},
  year    = {1997}
}

@inproceedings{elkin2007streaming,
  title     = {Streaming and fully dynamic centralized algorithms for constructing and maintaining sparse spanners},
  author    = {Elkin, Michael},
  booktitle = {Automata, Languages and Programming},
  pages     = {716--727},
  year      = {2007}
}

@inproceedings{crouch2013dynamic,
  title     = {Dynamic graphs in the sliding-window model},
  author    = {Crouch, Michael and McGregor, Andrew and Stubbs, Daniel},
  booktitle = {ESA},
  pages     = {337--348},
  year      = {2013}
}

@article{henzinger1999randomized,
  title   = {Randomized fully dynamic graph algorithms with polylogarithmic time per operation},
  author  = {Henzinger, Monika and King, Valerie},
  journal = {Journal of the ACM},
  volume  = {46},
  number  = {4},
  pages   = {502--516},
  year    = {1999}
}

@article{holm2001poly,
  title   = {Poly-logarithmic deterministic fully-dynamic algorithms for connectivity, minimum spanning tree, 2-edge, and biconnectivity},
  author  = {Holm, Jacob and De Lichtenberg, Kristian and Thorup, Mikkel},
  journal = {Journal of the ACM},
  volume  = {48},
  number  = {4},
  pages   = {723--760},
  year    = {2001}
}

@inproceedings{ahn2009graph,
  title     = {Graph sparsification in the semi-streaming model},
  author    = {Ahn, Kook Jin and Guha, Sudipto},
  booktitle = {Automata, Languages and Programming},
  pages     = {328--338},
  year      = {2009}
}

@book{eppstein1998dynamic,
  title     = {Dynamic graph algorithms},
  author    = {Eppstein, David and Galil, Zvi and Italiano, Giuseppe F},
  year      = {1998},
  publisher = {CRC Press}
}

@inproceedings{thorup2000near,
  title     = {Near-optimal fully-dynamic graph connectivity},
  author    = {Thorup, Mikkel},
  booktitle = {STOC},
  pages     = {343--350},
  year      = {2000}
}

@inproceedings{buriol2006counting,
  title     = {Counting triangles in data streams},
  author    = {Buriol, Luciana S and Frahling, Gereon and Leonardi, Stefano and Marchetti-Spaccamela, Alberto and Sohler, Christian},
  booktitle = {PODS},
  pages     = {253--262},
  year      = {2006}
}

@inproceedings{bar2002reductions,
  title     = {Reductions in streaming algorithms, with an application to counting triangles in graphs},
  author    = {Bar-Yossef, Ziv and Kumar, Ravi and Sivakumar, D},
  booktitle = {SODA},
  pages     = {623--632},
  year      = {2002}
}

@inproceedings{bordino2008mining,
  title     = {Mining large networks with subgraph counting},
  author    = {Bordino, Ilaria and Donato, Debora and {\bf {\textbf{Gionis}}}, {\bf A} and Leonardi, Stefano},
  booktitle = {Proceedings of the IEEE International Conference on Data Mining (ICDM)},
  pages     = {737--742},
  year      = {2008}
}


@article{feigenbaum2005graph,
  title   = {On graph problems in a semi-streaming model},
  author  = {Feigenbaum, Joan and Kannan, Sampath and McGregor, Andrew and Suri, Siddharth and Zhang, Jian},
  journal = {Theoretical Computer Science},
  volume  = {348},
  number  = {2},
  pages   = {207--216},
  year    = {2005}
}

@inproceedings{henziger1999computing,
  title     = {Computing on data streams},
  author    = {Henzinger, Monika and Raghavan, Prabhakar and Rajagopalan, S.},
  booktitle = {DIMACS Workshop External Memory and Visualization},
  volume    = {50},
  year      = {1999}
}

@book{aggarwal2007data,
  title     = {Data streams: models and algorithms},
  author    = {Aggarwal, Charu},
  volume    = {31},
  year      = {2007},
  publisher = {Springer}
}

@book{muthukrishnan2005data,
  title     = {Data streams: Algorithms and applications},
  author    = {Muthukrishnan, Shanmugavelayutham},
  year      = {2005},
  publisher = {Now Publishers Inc}
}

@book{gama2010knowledge,
  title     = {Knowledge discovery from data streams},
  author    = {Gama, Joao},
  year      = {2010},
  publisher = {CRC Press}
}

@inproceedings{becchetti2008efficient,
  title     = {Efficient semi-streaming algorithms for local triangle counting in massive graphs},
  author    = {Becchetti, Luca and Boldi, Paolo and Castillo, Carlos and {\bf {\textbf{Gionis}}}, {\bf A}},
  booktitle = {Proceedings of the ACM SIGKDD International Conference on Knowledge Discovery and Data Mining},
  year      = {2008}
}


@article{Gomez-RodriguezLK12,
  author  = {Manuel Gomez-Rodriguez and
             Jure Leskovec and
             Andreas Krause},
  title   = {Inferring Networks of Diffusion and Influence},
  journal = {ACM Transactions on Knowledge Discovery from Data (TKDD)},
  volume  = {5},
  number  = {4},
  year    = {2012}
}

@book{mixture-models,
  author    = {G.J. McLachlan and K.E. Basford},
  publisher = {Marcel Dekker, New York},
  title     = {Mixture Models: Inference and Applications to Clustering},
  year      = 1988
}

@article{fuzzy-clustering,
  author  = {Rui Xu and Donald C. Wunsch II},
  title   = {Survey of clustering algorithms},
  journal = {IEEE Transactions on Neural Networks},
  volume  = {16},
  number  = {3},
  year    = {2005}
}

@inproceedings{CCC,
  author    = {Bonchi, Francesco and
               {\bf {\textbf{Gionis}}}, {\bf A} and
               Gullo, Francesco and
               Ukkonen, Antti},
  title     = {Chromatic correlation clustering},
  booktitle = {Proceedings of the ACM SIGKDD International Conference on Knowledge Discovery and Data Mining},
  year      = {2012}
}


@inproceedings{gupte2011finding,
  author    = {Mangesh Gupte and
               Pravin Shankar and
               Jing Li and
               S. Muthukrishnan and
               Liviu Iftode},
  title     = {Finding hierarchy in directed online social networks},
  booktitle = {WWW},
  year      = {2011}
}


@article{hintsanen2008finding,
  author  = {Petteri Hintsanen and Hannu Toivonen},
  title   = {Finding Reliable Subgraphs from Large Probabilistic Graphs},
  journal = {DMKD},
  volume  = {17},
  number  = {1},
  year    = {2008}
}

@inproceedings{ojala2010evaluating,
  author    = {Markus Ojala, Gemma Garriga and {\bf A. {\textbf{Gionis}}} and Heikki Mannila},
  title     = {Evaluating query result significance in databases via randomizations},
  booktitle = {SDM},
  year      = {2010}
}


@article{gionis2007assessing,
  author  = {{\bf {\textbf{Gionis}}}, {\bf A} and  Mannila, Heikki and Mielikainen, Taneli and Tsaparas, Panayiotis},
  title   = {Assessing data mining results via swap randomization},
  journal = {ACM Transactions on Knowledge Discovery from Data (TKDD)},
  volume  = {1},
  number  = {3},
  year    = {2007}
}

@inproceedings{ferlez2008monitoring,
  author    = {Jure Ferlez and
               Christos Faloutsos and
               Jure Leskovec and
               Dunja Mladenic and
               Marko Grobelnik},
  title     = {Monitoring Network Evolution using {MDL}},
  booktitle = {ICDE},
  year      = {2008}
}


@article{shapley1953value,
  author  = {Lloyd Shapley},
  title   = {A Value for $n$-person Games},
  journal = {Contributions to the Theory of Games},
  volume  = {28},
  year    = {1953}
}

@article{leskovec2007graph,
  author  = {Jure Leskovec and
             Jon Kleinberg and
             Christos Faloutsos},
  title   = {Graph evolution: {D}ensification and shrinking diameters},
  journal = {ACM Transactions on Knowledge Discovery from Data (TKDD)},
  volume  = {1},
  number  = {1},
  year    = {2007}
}

@inproceedings{kempe2003maximizing,
  author    = {David Kempe and Jon Kleinberg and {\'E}va Tardos},
  title     = {Maximizing the spread of influence through a social network},
  booktitle = {Proceedings of the ACM SIGKDD International Conference on Knowledge Discovery and Data Mining},
  year      = {2003}
}

@inproceedings{saito2008prediction,
  author    = {Kazumi Saito and Ryohei Nakano and Masahiro Kimura},
  title     = {Prediction of Information Diffusion Probabilities for Independent Cascade Model},
  booktitle = {KES},
  year      = {2008}
}

@inproceedings{liben-nowell2003link,
  address   = {New York, NY, USA},
  author    = {David Liben-Nowell and Jon Kleinberg},
  booktitle = {CIKM},
  title     = {The link prediction problem for social networks},
  year      = {2003}
}

@inproceedings{germ,
  author    = {Berlingerio, Michele and Bonchi, Francesco and Bringmann, Bj{\"o}rn and {\bf {\textbf{Gionis}}}, {\bf A}},
  title     = {Mining Graph Evolution Rules},
  booktitle = {Joint European Conference on Machine Learning and Knowledge Discovery in Databases (ECML PKDD)},
  pages     = {115--130},
  year      = {2009}
}

@inproceedings{inokuchi2008fast,
  author    = {Akihiro Inokuchi and Takashi Washio},
  title     = {A Fast Method to Mine Frequent Subsequences from Graph Sequence Data},
  booktitle = {Proceedings of the IEEE International Conference on Data Mining (ICDM)},
  year      = {2008}
}

@inproceedings{tong2006centerpiece,
  author    = {Hanghang Tong and Christos Faloutsos},
  title     = {Center-piece subgraphs: problem definition and fast solutions},
  booktitle = {Proceedings of the ACM SIGKDD International Conference on Knowledge Discovery and Data Mining},
  year      = {2006}
}


@article{koren2007measuring,
  author  = {Yehuda Koren and Stephen North and Chris Volinsky},
  title   = {Measuring and extracting proximity graphs in networks},
  journal = {ACM Transactions on Knowledge Discovery from Data (TKDD)},
  volume  = {1},
  number  = {3},
  year    = {2007}
}

@inproceedings{gregory2007algorithm,
  author    = {Steve Gregory},
  title     = {{An algorithm to find overlapping community structure in networks}},
  booktitle = {Joint European Conference on Machine Learning and Knowledge Discovery in Databases (ECML PKDD)},
  year      = {2007}
}

@inproceedings{wang2010discovering,
  author    = {Xufei Wang and Lei Tang and Huiji Gao and Huan Liu},
  title     = {Discovering Overlapping Groups in Social Media},
  booktitle = {Proceedings of the IEEE International Conference on Data Mining (ICDM)},
  year      = {2010}
}

@inproceedings{lee2010detecting,
  title     = {Detecting highly overlapping community structure by greedy clique expansion},
  booktitle = {KDD SNA},
  author    = {Conrad Lee and Fergal Reid and Aaron McDaid and Neil Hurley},
  year      = {2010}
} 

@article{lancichinetti2009detecting,
  author  = {Andrea Lancichinetti and Santo Fortunato and J\'{a}nos Kert\'{e}sz},
  title   = {Detecting the overlapping and hierarchical community structure in complex networks},
  volume  = {11},
  number  = {3},
  journal = {New Journal of Physics},
  year    = {2009}
}
	
@article{kleinberg2002approximation,
  author  = {Jon Kleinberg and {\'E}va Tardos},
  title   = {Approximation algorithms for classification problems with pairwise relationships: metric labeling and Markov random fields},
  journal = {Journal of the ACM},
  volume  = {49},
  number  = {5},
  year    = {2002}
}

@article{strehl2002cluster,
  author  = {Alexander Strehl and Joydeep Ghosh},
  title   = {Cluster Ensembles --- A Knowledge Reuse Framework for Combining  Multiple Partitions},
  journal = {JMLR},
  volume  = {3},
  year    = {2002}
}

@techreport{boldi2011arc,
  author      = {Paolo Boldi and Marco Rosi},
  title       = {Arc-community detection via triangular random walks},
  institution = {Universit\`{a} degli Studi di Milano},
  year        = {2011}
} 


@inproceedings{gionis2012estimating,
  author    = {{\bf {\textbf{Gionis}}}, {\bf A} and  Lappas, Ted and  Terzi, Evimaria},
  title     = {Estimating importance via counting set covers},
  booktitle = {Proceedings of the ACM SIGKDD International Conference on Knowledge Discovery and Data Mining},
  year      = {2012}
} 

@inproceedings{zhou2007spectral,
  author    = {Dengyong Zhou and Christopher Burges},
  title     = {Spectral clustering and transductive learning with multiple views},
  booktitle = {ICML},
  year      = {2007}
} 

@conference{tang2009uncovering,
  author    = {Lei Tang and Xufei Wang and Huan Liu},
  title     = {Uncovering Groups via Heterogeneous Interaction Analysis},
  booktitle = {Proceedings of the IEEE International Conference on Data Mining (ICDM)},
  year      = {2009}
}

@article{girvan2002community,
  author  = {Michelle Girvan and Mark Newman},
  journal = {PNAS},
  number  = {12},
  title   = {Community structure in social and biological networks},
  volume  = {99},
  year    = {2002}
}

@article{fortunato2007resulotion,
  author  = {Santo Fortunato and Marc Barthelemy},
  title   = {Resolution limit in community detection},
  journal = {PNAS},
  volume  = {104},
  number  = {1},
  year    = {2007}
}

@inproceedings{white2005spectral,
  author    = {Scott White and Padhraic Smyth},
  title     = {A Spectral Clustering Approach To Finding Communities in Graph},
  booktitle = {SDM},
  year      = {2005}
}


@article{flake2002self,
  author  = {Gary Flake and Steve Lawrence and Lee Giles and Frans Coetzee},
  title   = {Self-Organization and Identification of Web Communities},
  journal = {Computer},
  volume  = {35},
  number  = {3},
  year    = {2002}
}

@inproceedings{flake2000efficient,
  author    = {Gary Flake and Steve Lawrence and Lee Giles},
  title     = {Efficient identification of Web communities},
  booktitle = {Proceedings of the ACM SIGKDD International Conference on Knowledge discovery and data mining},
  year      = {2000}
}


@inproceedings{karypis98multilevel,
  author    = {George Karypis and Vipin Kumar},
  title     = {Multilevel algorithms for multi-constraint graph partitioning},
  booktitle = {CDROM},
  year      = {1998}
}

@inproceedings{Koren2003spectral,
  author    = {Yehuda Koren},
  title     = {On Spectral Graph Drawing},
  booktitle = {COCOON},
  year      = {2003}
}

@inproceedings{ng2001spectral,
  author    = {Andrew Ng and Michael Jordan and Yair Weiss},
  title     = {On Spectral Clustering: Analysis and an algorithm},
  booktitle = {NIPS},
  year      = {2001}
}


@article{agarwal2008modularity,
  author  = {Gaurav Agarwal and David Kempe},
  title   = {Modularity-Maximizing Network Communities via Mathematical Programming},
  journal = {European Physics Journal B},
  volume  = 66,
  number  = 3,
  year    = {2008}
}


@article{newman2003structure,
  author  = {Mark Newman},
  title   = {The structure and function of complex networks},
  journal = {SIAM REVIEW},
  year    = {2003}
}

@book{newman2010networks,
  author    = {Mark Newman},
  title     = {Networks: an introduction},
  publisher = {Oxford University Press},
  year      = {2010}
}

@book{bollobas1998modern,
  author    = {B\'{e}la Bollob\'{a}s},
  title     = {Modern Graph Theory},
  publisher = {Springer},
  year      = {1998}
}

@inproceedings{bonchi2011overlapping,
  author    = {Bonchi, Francesco and {\bf {\textbf{Gionis}}}, {\bf A} and Ukkonen, Antti},
  title     = {Overlapping correlation clustering},
  booktitle = {Proceedings of the IEEE International Conference on Data Mining (ICDM)},
  year      = {2011}
}

@inproceedings{mathioudakis2011sparsification,
  author    = {Mathioudakis, Michael and Bonchi, Francesco and Castillo, Carlos and {\bf {\textbf{Gionis}}}, {\bf A} and Ukkonen, Antti},
  title     = {Sparsification of influence networks},
  booktitle = {Proceedings of the ACM SIGKDD International Conference on Knowledge discovery and data mining},
  year      = {2011}
}

@inproceedings{sozio2010community-search,
  author    = {Sozio, Mauro and {\bf {\textbf{Gionis}}}, {\bf A}},
  title     = {The community-search problem and how to plan a successful cocktail party},
  booktitle = {Proceedings of the ACM SIGKDD International Conference on Knowledge discovery and data mining},
  pages     = {939--948},
  year      = {2010}
}

@inproceedings{papapetrou2011shapley,
  author    = {Papapetrou, Panagiotis and  {\bf {\textbf{Gionis}}}, {\bf A} and Mannila, Heikki},
  title     = {{A Shapley value approach for influence attribution}},
  booktitle = {Joint European Conference on Machine Learning and Knowledge Discovery in Databases (ECML PKDD)},
  year      = {2011}
}

@inproceedings{anagnostopoulos2010power,
  author    = {Anagnostopoulos, Aris and Becchetti, Luca and Castillo, Carlos and {\bf {\textbf{Gionis}}}, {\bf A} and Leonardi, Stefano},
  title     = {Power in unity: forming teams in large-scale community systems},
  booktitle = {CIKM},
  year      = {2010}
}

@inproceedings{lappas2009finding,
  author    = {Theodoros Lappas and
               Kun Liu and
               Evimaria Terzi},
  title     = {Finding a team of experts in social networks},
  booktitle = {Proceedings of the ACM SIGKDD International Conference on Knowledge discovery and data mining},
  year      = {2009}
}

@article{carrizosa2022interpreting,
  title   = {Interpreting clusters via prototype optimization},
  journal = {Omega},
  year    = {2022},
  author  = {{Carrizosa, {et al.}}, Emilio}
}

@inproceedings{gabidolla2022optimal,
  author    = {{Gabidolla, et al.}, Magzhan},
  title     = {Optimal Interpretable Clustering Using Oblique Decision Trees},
  year      = {2022},
  booktitle = {KDD}
}

@article{bertsimas2019price,
  title   = {The price of interpretability},
  author  = {Bertsimas, Dimitris and Delarue, Arthur and Jaillet, Patrick and Martin, Sebastien},
  journal = {arXiv},
  year    = {2019}
}

@inproceedings{makarychev2022explainable,
  author    = {Makarychev, Konstantin and Shan, Liren},
  title     = {Explainable $k$-means: don’t be greedy, plant bigger trees!},
  year      = {2022},
  booktitle = {STOC}
}

@inproceedings{makarychev2023random,
  author    = {Konstantin Makarychev and Liren Shan},
  title     = {Random Cuts are Optimal for Explainable $k$-Medians},
  booktitle = {NeurIPS},
  year      = {2023}
}

@inproceedings{esfandiari2022almost,
  author    = {{Esfandiari, et al.}, Hossein},
  title     = {Almost Tight Approximation Algorithms for Explainable Clustering},
  booktitle = {SODA},
  year      = {2022}
}

@inproceedings{gamlath2021explainable,
  author    = {{Gamlath, et al.}, Buddhima},
  title     = {Nearly-Tight and Oblivious Algorithms for Explainable Clustering},
  booktitle = {NeurIPS},
  year      = {2021}
}

@inproceedings{laber2021price,
  title     = {On the price of explainability for some clustering problems},
  author    = {Laber, Eduardo and Murtinho, Lucas},
  booktitle = {ICML},
  year      = {2021}
}

@inproceedings{charikar2022near,
  author    = {Moses Charikar and Lunjia Hu},
  title     = {Near-Optimal Explainable $k$-Means for All Dimensions},
  booktitle = {SODA},
  year      = {2022}
}


@article{frost2020exkmc,
  title   = {{ExKMC}: Expanding Explainable $k$-Means Clustering},
  author  = {Frost, Nave and Moshkovitz, Michal and Rashtchian, Cyrus},
  journal = {arXiv},
  year    = {2020}
}

@article{laber2023nearly,
  title   = {Nearly tight bounds on the price of explainability for the $k$-center and the maximum-spacing clustering problems},
  author  = {Eduardo Laber and Lucas Murtinho},
  journal = {TCS},
  year    = {2023}
}

@article{deng2023impossibility,
  title   = {Impossibility of Depth Reduction in Explainable Clustering},
  author  = {{Deng, et al.}, Cheng-Hao},
  journal = {ArXiv},
  year    = {2023}
}

@inproceedings{fleissner2024explaining,
  title     = {Explaining Kernel Clustering via Decision Trees},
  author    = {{Fleissner, et al.}, Maximilian},
  booktitle = {ICLR},
  year      = {2024}
}

@inproceedings{lawless2023polyhedral,
  title     = {Cluster Explanation via Polyhedral Descriptions},
  author    = {Lawless, Connor and Gunluk, Oktay},
  booktitle = {ICML},
  year      = {2023}
}

@article{bertsimas2021interpretable,
  title   = {Interpretable clustering: an optimization approach},
  author  = {Bertsimas, Dimitris and Orfanoudaki, Agni and Wiberg, Holly},
  journal = {Machine Learning},
  year    = {2021}
}

@inproceedings{cohen2023interpretable,
  author    = {Cohen, Eldan},
  title     = {Interpretable Clustering via Soft Clustering Trees},
  booktitle = {ICPAIOR},
  year      = {2023}
}

@inproceedings{macqueen1967some,
  title     = {Some methods for classification and analysis of multivariate observations},
  author    = {MacQueen, James},
  booktitle = {Berkeley symposium on mathematical statistics and probability},
  year      = {1967}
}

@article{lee2000algorithms,
  title   = {Algorithms for non-negative matrix factorization},
  author  = {Lee, Daniel and Seung, H Sebastian},
  journal = {Advances in neural information processing systems},
  year    = {2000}
}

@article{rubinstein2010dict,
  author  = {Rubinstein, Ron and Bruckstein, Alfred M. and Elad, Michael},
  journal = {Proc. IEEE},
  title   = {Dictionaries for Sparse Representation Modeling},
  year    = {2010}
}

@inproceedings{ester1996ada,
  title     = {A Density-Based Algorithm for Discovering Clusters in Large Spatial Databases with Noise},
  author    = {Martin Ester and Hans-Peter Kriegel and J{\"o}rg Sander and Xiaowei Xu},
  booktitle = {KDD},
  year      = {1996}
}

@inproceedings{ng2001Ospectral,
  title     = {On Spectral Clustering: Analysis and an algorithm},
  author    = {A. Ng and Michael I. Jordan and Yair Weiss},
  booktitle = {Neural Information Processing Systems},
  year      = {2001}
}

@inproceedings{hinton2002tsne,
  author    = {Hinton, Geoffrey and Roweis, Sam},
  title     = {Stochastic neighbor embedding},
  year      = {2002},
  booktitle = {NIPS}
}

@article{mcinnes2018umap,
  author  = {{McInnes}, L. and {Healy}, J. and {Melville}, J.},
  title   = {{UMAP: Uniform Manifold Approximation and Projection for Dimension Reduction}},
  journal = {ArXiv e-prints},
  year    = 2018
}